@INPROCEEDINGS{2018SPIE10703E..09M,
       author = {{Males}, Jared R. and {Close}, Laird M. and {Miller}, Kelsey and
         {Schatz}, Lauren and {Doelman}, David and {Lumbres}, Jennifer and
         {Snik}, Frans and {Rodack}, Alex and {Knight}, Justin and
         {Van Gorkom}, Kyle},
        title = "{MagAO-X: project status and first laboratory results}",
     keywords = {Astrophysics - Instrumentation and Methods for Astrophysics, Astrophysics - Earth and Planetary Astrophysics},
    booktitle = {\procspie},
         year = "2018",
       series = {Society of Photo-Optical Instrumentation Engineers (SPIE) Conference Series},
       volume = {10703},
        month = "Jul",
          eid = {1070309},
        pages = {1070309},
          doi = {10.1117/12.2312992},
archivePrefix = {arXiv},
       eprint = {1807.04315},
 primaryClass = {astro-ph.IM},
       adsurl = {https://ui.adsabs.harvard.edu/abs/2018SPIE10703E..09M},
      adsnote = {Provided by the SAO/NASA Astrophysics Data System}
}

@ARTICLE{2018JATIS...4a9001M,
       author = {{Males}, Jared R. and {Guyon}, Olivier},
        title = "{Ground-based adaptive optics coronagraphic performance under closed-loop predictive control}",
      journal = {Journal of Astronomical Telescopes, Instruments, and Systems},
     keywords = {Astrophysics - Instrumentation and Methods for Astrophysics, Astrophysics - Earth and Planetary Astrophysics},
         year = "2018",
        month = "Jan",
       volume = {4},
          eid = {019001},
        pages = {019001},
          doi = {10.1117/1.JATIS.4.1.019001},
archivePrefix = {arXiv},
       eprint = {1712.07189},
 primaryClass = {astro-ph.IM},
       adsurl = {https://ui.adsabs.harvard.edu/abs/2018JATIS...4a9001M},
      adsnote = {Provided by the SAO/NASA Astrophysics Data System}
}

@INPROCEEDINGS{2018SPIE10703E..4YC,
       author = {{Close}, Laird M. and {Males}, Jared R. and {Durney}, Olivier and
         {Sauve}, Corwynn and {Kautz}, Maggie and {Hedglen}, Alex and
         {Schatz}, Lauren and {Lumbres}, Jennifer and {Miller}, Kelsey and
         {Van Gorkom}, Kyle},
        title = "{Optical and mechanical design of the extreme AO coronagraphic instrument MagAO-X}",
     keywords = {Astrophysics - Instrumentation and Methods for Astrophysics, Astrophysics - Earth and Planetary Astrophysics},
    booktitle = {\procspie},
         year = "2018",
       series = {Society of Photo-Optical Instrumentation Engineers (SPIE) Conference Series},
       volume = {10703},
        month = "Jul",
          eid = {107034Y},
        pages = {107034Y},
          doi = {10.1117/12.2312280},
archivePrefix = {arXiv},
       eprint = {1807.04311},
 primaryClass = {astro-ph.IM},
       adsurl = {https://ui.adsabs.harvard.edu/abs/2018SPIE10703E..4YC},
      adsnote = {Provided by the SAO/NASA Astrophysics Data System}
}

@ARTICLE{2007ApJ...659.1661F,
       author = {{Fortney}, J.~J. and {Marley}, M.~S. and {Barnes}, J.~W.},
        title = "{Planetary Radii across Five Orders of Magnitude in Mass and Stellar Insolation: Application to Transits}",
      journal = {\apj},
     keywords = {Stars: Binaries: Eclipsing, Stars: Planetary Systems, Astrophysics},
         year = "2007",
        month = "Apr",
       volume = {659},
       number = {2},
        pages = {1661-1672},
          doi = {10.1086/512120},
archivePrefix = {arXiv},
       eprint = {astro-ph/0612671},
 primaryClass = {astro-ph},
       adsurl = {https://ui.adsabs.harvard.edu/abs/2007ApJ...659.1661F},
      adsnote = {Provided by the SAO/NASA Astrophysics Data System}
}

@ARTICLE{2006ApJ...644..551T,
       author = {{Turnbull}, Margaret C. and {Traub}, Wesley A. and {Jucks}, Kenneth W. and
         {Woolf}, Neville J. and {Meyer}, Michael R. and {Gorlova}, Nadya and
         {Skrutskie}, Michael F. and {Wilson}, John C.},
        title = "{Spectrum of a Habitable World: Earthshine in the Near-Infrared}",
      journal = {\apj},
     keywords = {Astrobiology, Earth, Moon, Stars: Planetary Systems},
         year = "2006",
        month = "Jun",
       volume = {644},
       number = {1},
        pages = {551-559},
          doi = {10.1086/503322},
       adsurl = {https://ui.adsabs.harvard.edu/abs/2006ApJ...644..551T},
      adsnote = {Provided by the SAO/NASA Astrophysics Data System}
}

@ARTICLE{2013ApJ...765L..17C,
       author = {{Cowan}, Nicolas B. and {Strait}, Talia E.},
        title = "{Determining Reflectance Spectra of Surfaces and Clouds on Exoplanets}",
      journal = {\apjl},
     keywords = {methods: data analysis, planets and satellites: atmospheres, planets and satellites: individual: Earth, planets and satellites: surfaces, techniques: photometric, Astrophysics - Earth and Planetary Astrophysics},
         year = "2013",
        month = "Mar",
       volume = {765},
       number = {1},
          eid = {L17},
        pages = {L17},
          doi = {10.1088/2041-8205/765/1/L17},
archivePrefix = {arXiv},
       eprint = {1302.0006},
 primaryClass = {astro-ph.EP},
       adsurl = {https://ui.adsabs.harvard.edu/abs/2013ApJ...765L..17C},
      adsnote = {Provided by the SAO/NASA Astrophysics Data System}
}

@ARTICLE{2010ApJ...724..189C,
       author = {{Cahoy}, Kerri L. and {Marley}, Mark S. and {Fortney}, Jonathan J.},
        title = "{Exoplanet Albedo Spectra and Colors as a Function of Planet Phase, Separation, and Metallicity}",
      journal = {\apj},
     keywords = {methods: numerical, planets and satellites: general, radiative transfer, scattering, Astrophysics - Earth and Planetary Astrophysics, Astrophysics - Instrumentation and Methods for Astrophysics},
         year = "2010",
        month = "Nov",
       volume = {724},
       number = {1},
        pages = {189-214},
          doi = {10.1088/0004-637X/724/1/189},
archivePrefix = {arXiv},
       eprint = {1009.3071},
 primaryClass = {astro-ph.EP},
       adsurl = {https://ui.adsabs.harvard.edu/abs/2010ApJ...724..189C},
      adsnote = {Provided by the SAO/NASA Astrophysics Data System}
}

@ARTICLE{2017ApJ...838...92M,
       author = {{Mawet}, D. and {Ruane}, G. and {Xuan}, W. and {Echeverri}, D. and
         {Klimovich}, N. and {Randolph}, M. and {Fucik}, J. and
         {Wallace}, J.~K. and {Wang}, J. and {Vasisht}, G.},
        title = "{Observing Exoplanets with High-dispersion Coronagraphy. II. Demonstration of an Active Single-mode Fiber Injection Unit}",
      journal = {\apj},
     keywords = {brown dwarfs, instrumentation: adaptive optics, instrumentation: spectrographs, techniques: high angular resolution, techniques: spectroscopic, Astrophysics - Earth and Planetary Astrophysics, Astrophysics - Instrumentation and Methods for Astrophysics},
         year = "2017",
        month = "Apr",
       volume = {838},
       number = {2},
          eid = {92},
        pages = {92},
          doi = {10.3847/1538-4357/aa647f},
archivePrefix = {arXiv},
       eprint = {1703.00583},
 primaryClass = {astro-ph.EP},
       adsurl = {https://ui.adsabs.harvard.edu/abs/2017ApJ...838...92M},
      adsnote = {Provided by the SAO/NASA Astrophysics Data System}
}

@ARTICLE{2017A&A...599A..16L,
       author = {{Lovis}, C. and {Snellen}, I. and {Mouillet}, D. and {Pepe}, F. and
         {Wildi}, F. and {Astudillo-Defru}, N. and {Beuzit}, J. -L. and
         {Bonfils}, X. and {Cheetham}, A. and {Conod}, U.},
        title = "{Atmospheric characterization of Proxima b by coupling the SPHERE high-contrast imager to the ESPRESSO spectrograph}",
      journal = {\aap},
     keywords = {planets and satellites: individual: Proxima b, planets and satellites: atmospheres, techniques: spectroscopic, techniques: high angular resolution, Astrophysics - Earth and Planetary Astrophysics, Astrophysics - Instrumentation and Methods for Astrophysics},
         year = "2017",
        month = "Mar",
       volume = {599},
          eid = {A16},
        pages = {A16},
          doi = {10.1051/0004-6361/201629682},
archivePrefix = {arXiv},
       eprint = {1609.03082},
 primaryClass = {astro-ph.EP},
       adsurl = {https://ui.adsabs.harvard.edu/abs/2017A&A...599A..16L},
      adsnote = {Provided by the SAO/NASA Astrophysics Data System}
}

@INPROCEEDINGS{2014IAUS..299..271A,
       author = {{Allard}, F.},
        title = "{The BT-Settl Model Atmospheres for Stars, Brown Dwarfs and Planets}",
     keywords = {brown dwarfs, planets, clouds, etc},
    booktitle = {Exploring the Formation and Evolution of Planetary Systems},
         year = "2014",
       editor = {{Booth}, Mark and {Matthews}, Brenda C. and {Graham}, James R.},
       series = {IAU Symposium},
       volume = {299},
        month = "Jan",
        pages = {271-272},
          doi = {10.1017/S1743921313008545},
       adsurl = {https://ui.adsabs.harvard.edu/abs/2014IAUS..299..271A},
      adsnote = {Provided by the SAO/NASA Astrophysics Data System}
}



